# von Neumann Architecture
@article{DBLP:journals/cacm/Backus78,
  author    = {John W. Backus},
  title     = {Can Programming Be Liberated From the von Neumann Style? {A} Functional
               Style and its Algebra of Programs},
  journal   = {Commun. {ACM}},
  volume    = {21},
  number    = {8},
  pages     = {613--641},
  year      = {1978},
  url       = {http://doi.acm.org/10.1145/359576.359579},
  doi       = {10.1145/359576.359579},
  timestamp = {Tue, 07 Jun 2011 16:51:14 +0200},
  biburl    = {https://dblp.org/rec/bib/journals/cacm/Backus78},
  bibsource = {dblp computer science bibliography, https://dblp.org}
}

# Dataflow Architecture

@inproceedings{DBLP:conf/isca/DennisM74,
  author    = {Jack B. Dennis and
               David Misunas},
  editor    = {Willis K. King and
               Oscar N. Garcia},
  title     = {A Preliminary Architecture for a Basic Data Flow Processor},
  booktitle = {Proceedings of the 2nd Annual Symposium on Computer Architecture,
               Houston, TX, USA, December 1974},
  pages     = {126--132},
  publisher = {{ACM}},
  year      = {1974},
  url       = {http://doi.acm.org/10.1145/642089.642111},
  doi       = {10.1145/642089.642111},
  timestamp = {Mon, 09 Jul 2018 08:48:39 +0200},
  biburl    = {https://dblp.org/rec/bib/conf/isca/DennisM74},
  bibsource = {dblp computer science bibliography, https://dblp.org}
}

@article{DBLP:journals/cacm/GurdKW85,
  author    = {John R. Gurd and
               Chris C. Kirkham and
               Ian Watson},
  title     = {The Manchester Prototype Dataflow Computer},
  journal   = {Commun. {ACM}},
  volume    = {28},
  number    = {1},
  pages     = {34--52},
  year      = {1985},
  url       = {http://doi.acm.org/10.1145/2465.2468},
  doi       = {10.1145/2465.2468},
  timestamp = {Tue, 07 Jun 2011 16:51:40 +0200},
  biburl    = {https://dblp.org/rec/bib/journals/cacm/GurdKW85},
  bibsource = {dblp computer science bibliography, https://dblp.org}
}

@article{DBLP:journals/tc/ArvindN90,
  author    = {Arvind and
               Rishiyur S. Nikhil},
  title     = {Executing a Program on the {MIT} Tagged-Token Dataflow Architecture},
  journal   = {{IEEE} Trans. Computers},
  volume    = {39},
  number    = {3},
  pages     = {300--318},
  year      = {1990},
  url       = {https://doi.org/10.1109/12.48862},
  doi       = {10.1109/12.48862},
  timestamp = {Sat, 20 May 2017 00:24:26 +0200},
  biburl    = {https://dblp.org/rec/bib/journals/tc/ArvindN90},
  bibsource = {dblp computer science bibliography, https://dblp.org}
}

@inproceedings{DBLP:conf/isca/PapadopoulosC90,
  author    = {Gregory M. Papadopoulos and
               David E. Culler},
  editor    = {Jean{-}Loup Baer and
               Larry Snyder and
               James R. Goodman},
  title     = {Monsoon: An Explicit Token-Store Architecture},
  booktitle = {Proceedings of the 17th Annual International Symposium on Computer
               Architecture, Seattle, WA, USA, June 1990},
  pages     = {82--91},
  publisher = {{ACM}},
  year      = {1990},
  url       = {http://doi.acm.org/10.1145/325164.325117},
  doi       = {10.1145/325164.325117},
  timestamp = {Thu, 21 Jun 2018 07:41:08 +0200},
  biburl    = {https://dblp.org/rec/bib/conf/isca/PapadopoulosC90},
  bibsource = {dblp computer science bibliography, https://dblp.org}
}

@inproceedings{DBLP:conf/asplos/LeeBFSBSA98,
  author    = {Walter Lee and
               Rajeev Barua and
               Matthew I. Frank and
               Devabhaktuni Srikrishna and
               Jonathan Babb and
               Vivek Sarkar and
               Saman P. Amarasinghe},
  editor    = {Dileep Bhandarkar and
               Anant Agarwal},
  title     = {Space-Time Scheduling of Instruction-Level Parallelism on a Raw Machine},
  booktitle = {{ASPLOS-VIII} Proceedings of the 8th International Conference on Architectural
               Support for Programming Languages and Operating Systems, San Jose,
               California, USA, October 3-7, 1998.},
  pages     = {46--57},
  publisher = {{ACM} Press},
  year      = {1998},
  url       = {https://doi.org/10.1145/291069.291018},
  doi       = {10.1145/291069.291018},
  timestamp = {Tue, 06 Nov 2018 11:07:42 +0100},
  biburl    = {https://dblp.org/rec/bib/conf/asplos/LeeBFSBSA98},
  bibsource = {dblp computer science bibliography, https://dblp.org}
}

@inproceedings{DBLP:conf/isca/SankaralingamNLKHBKM03,
  author    = {Karthikeyan Sankaralingam and
               Ramadass Nagarajan and
               Haiming Liu and
               Changkyu Kim and
               Jaehyuk Huh and
               Doug Burger and
               Stephen W. Keckler and
               Charles R. Moore},
  editor    = {Allan Gottlieb and
               Kai Li},
  title     = {Exploiting ILP, {TLP} and {DLP} with the Polymorphous {TRIPS} Architecture},
  booktitle = {30th International Symposium on Computer Architecture {(ISCA} 2003),
               9-11 June 2003, San Diego, California, {USA}},
  pages     = {422--433},
  publisher = {{IEEE} Computer Society},
  year      = {2003},
  url       = {http://doi.ieeecomputersociety.org/10.1109/ISCA.2003.1207019},
  doi       = {10.1109/ISCA.2003.1207019},
  timestamp = {Thu, 29 Mar 2018 16:54:19 +0200},
  biburl    = {https://dblp.org/rec/bib/conf/isca/SankaralingamNLKHBKM03},
  bibsource = {dblp computer science bibliography, https://dblp.org}
}

@article{DBLP:journals/computer/BurgerKMDJLMBMY04,
  author    = {Doug Burger and
               Stephen W. Keckler and
               Kathryn S. McKinley and
               Michael Dahlin and
               Lizy Kurian John and
               Calvin Lin and
               Charles R. Moore and
               James H. Burrill and
               Robert G. McDonald and
               William Yode},
  title     = {Scaling to the End of Silicon with {EDGE} Architectures},
  journal   = {{IEEE} Computer},
  volume    = {37},
  number    = {7},
  pages     = {44--55},
  year      = {2004},
  url       = {https://doi.org/10.1109/MC.2004.65},
  doi       = {10.1109/MC.2004.65},
  timestamp = {Wed, 17 May 2017 10:56:47 +0200},
  biburl    = {https://dblp.org/rec/bib/journals/computer/BurgerKMDJLMBMY04},
  bibsource = {dblp computer science bibliography, https://dblp.org}
}

@inproceedings{DBLP:conf/micro/SwansonMSO03,
  author    = {Steven Swanson and
               Ken Michelson and
               Andrew Schwerin and
               Mark Oskin},
  title     = {WaveScalar},
  booktitle = {Proceedings of the 36th Annual International Symposium on Microarchitecture,
               San Diego, CA, USA, December 3-5, 2003},
  pages     = {291--302},
  publisher = {{ACM/IEEE} Computer Society},
  year      = {2003},
  url       = {https://doi.org/10.1109/MICRO.2003.1253203},
  doi       = {10.1109/MICRO.2003.1253203},
  timestamp = {Sun, 21 May 2017 00:22:05 +0200},
  biburl    = {https://dblp.org/rec/bib/conf/micro/SwansonMSO03},
  bibsource = {dblp computer science bibliography, https://dblp.org}
}

@article{DBLP:journals/tocs/SwansonSMPPMOE07,
  author    = {Steven Swanson and
               Andrew Schwerin and
               Martha Mercaldi and
               Andrew Petersen and
               Andrew Putnam and
               Ken Michelson and
               Mark Oskin and
               Susan J. Eggers},
  title     = {The WaveScalar architecture},
  journal   = {{ACM} Trans. Comput. Syst.},
  volume    = {25},
  number    = {2},
  pages     = {4:1--4:54},
  year      = {2007},
  url       = {http://doi.acm.org/10.1145/1233307.1233308},
  doi       = {10.1145/1233307.1233308},
  timestamp = {Mon, 09 Jan 2017 14:12:31 +0100},
  biburl    = {https://dblp.org/rec/bib/journals/tocs/SwansonSMPPMOE07},
  bibsource = {dblp computer science bibliography, https://dblp.org}
}

# Survey

@article{DBLP:journals/csur/TreleavenBH82,
  author    = {Philip C. Treleaven and
               David R. Brownbridge and
               Richard P. Hopkins},
  title     = {Data-Driven and Demand-Driven Computer Architecture},
  journal   = {{ACM} Comput. Surv.},
  volume    = {14},
  number    = {1},
  pages     = {93--143},
  year      = {1982},
  url       = {http://doi.acm.org/10.1145/356869.356873},
  doi       = {10.1145/356869.356873},
  timestamp = {Mon, 05 Dec 2011 18:03:13 +0100},
  biburl    = {https://dblp.org/rec/bib/journals/csur/TreleavenBH82},
  bibsource = {dblp computer science bibliography, https://dblp.org}
}

@book{DBLP:books/daglib/0097728,
  author    = {Jurij Silc and
               Borut Robic and
               Theo Ungerer},
  title     = {Processor architecture - from dataflow to superscalar and beyond},
  publisher = {Springer},
  year      = {1999},
  isbn      = {978-3-540-64798-0},
  timestamp = {Wed, 20 Apr 2011 20:17:03 +0200},
  biburl    = {https://dblp.org/rec/bib/books/daglib/0097728},
  bibsource = {dblp computer science bibliography, https://dblp.org}
}

@article{DBLP:journals/csur/JohnstonHM04,
  author    = {Wesley M. Johnston and
               J. R. Paul Hanna and
               Richard J. Millar},
  title     = {Advances in dataflow programming languages},
  journal   = {{ACM} Comput. Surv.},
  volume    = {36},
  number    = {1},
  pages     = {1--34},
  year      = {2004},
  url       = {http://doi.acm.org/10.1145/1013208.1013209},
  doi       = {10.1145/1013208.1013209},
  timestamp = {Thu, 09 Feb 2006 13:32:23 +0100},
  biburl    = {https://dblp.org/rec/bib/journals/csur/JohnstonHM04},
  bibsource = {dblp computer science bibliography, https://dblp.org}
}

@article{DBLP:journals/tpds/YazdanpanahAJE14,
  author    = {Fahimeh Yazdanpanah and
               Carlos {\'{A}}lvarez{-}Mart{\'{\i}}nez and
               Daniel Jim{\'{e}}nez{-}Gonz{\'{a}}lez and
               Yoav Etsion},
  title     = {Hybrid Dataflow/von-Neumann Architectures},
  journal   = {{IEEE} Trans. Parallel Distrib. Syst.},
  volume    = {25},
  number    = {6},
  pages     = {1489--1509},
  year      = {2014},
  url       = {https://doi.org/10.1109/TPDS.2013.125},
  doi       = {10.1109/TPDS.2013.125},
  timestamp = {Thu, 10 Aug 2017 17:21:21 +0200},
  biburl    = {https://dblp.org/rec/bib/journals/tpds/YazdanpanahAJE14},
  bibsource = {dblp computer science bibliography, https://dblp.org}
}

@inproceedings{DBLP:conf/fpl/KachrisS16,
  author    = {Christoforos Kachris and
               Dimitrios Soudris},
  editor    = {Paolo Ienne and
               Walid A. Najjar and
               Jason Anderson and
               Philip Brisk and
               Walter Stechele},
  title     = {A survey on reconfigurable accelerators for cloud computing},
  booktitle = {26th International Conference on Field Programmable Logic and Applications,
               {FPL} 2016, Lausanne, Switzerland, August 29 - September 2, 2016},
  pages     = {1--10},
  publisher = {{IEEE}},
  year      = {2016},
  url       = {https://doi.org/10.1109/FPL.2016.7577381},
  doi       = {10.1109/FPL.2016.7577381},
  timestamp = {Sun, 21 May 2017 00:20:37 +0200},
  biburl    = {https://dblp.org/rec/bib/conf/fpl/KachrisS16},
  bibsource = {dblp computer science bibliography, https://dblp.org}
}

# Deep learning accelerator

@inproceedings{DBLP:conf/icml/GuptaAGN15,
  author    = {Suyog Gupta and
               Ankur Agrawal and
               Kailash Gopalakrishnan and
               Pritish Narayanan},
  editor    = {Francis R. Bach and
               David M. Blei},
  title     = {Deep Learning with Limited Numerical Precision},
  booktitle = {Proceedings of the 32nd International Conference on Machine Learning,
               {ICML} 2015, Lille, France, 6-11 July 2015},
  series    = {{JMLR} Workshop and Conference Proceedings},
  volume    = {37},
  pages     = {1737--1746},
  publisher = {JMLR.org},
  year      = {2015},
  url       = {http://jmlr.org/proceedings/papers/v37/gupta15.html},
  timestamp = {Wed, 29 Mar 2017 16:45:25 +0200},
  biburl    = {https://dblp.org/rec/bib/conf/icml/GuptaAGN15},
  bibsource = {dblp computer science bibliography, https://dblp.org}
}

@inproceedings{DBLP:conf/osdi/AbadiBCCDDDGIIK16,
  author    = {Mart{\'{\i}}n Abadi and
               Paul Barham and
               Jianmin Chen and
               Zhifeng Chen and
               Andy Davis and
               Jeffrey Dean and
               Matthieu Devin and
               Sanjay Ghemawat and
               Geoffrey Irving and
               Michael Isard and
               Manjunath Kudlur and
               Josh Levenberg and
               Rajat Monga and
               Sherry Moore and
               Derek Gordon Murray and
               Benoit Steiner and
               Paul A. Tucker and
               Vijay Vasudevan and
               Pete Warden and
               Martin Wicke and
               Yuan Yu and
               Xiaoqiang Zheng},
  editor    = {Kimberly Keeton and
               Timothy Roscoe},
  title     = {TensorFlow: {A} System for Large-Scale Machine Learning},
  booktitle = {12th {USENIX} Symposium on Operating Systems Design and Implementation,
               {OSDI} 2016, Savannah, GA, USA, November 2-4, 2016.},
  pages     = {265--283},
  publisher = {{USENIX} Association},
  year      = {2016},
  url       = {https://www.usenix.org/conference/osdi16/technical-sessions/presentation/abadi},
  timestamp = {Wed, 01 Aug 2018 19:29:18 +0200},
  biburl    = {https://dblp.org/rec/bib/conf/osdi/AbadiBCCDDDGIIK16},
  bibsource = {dblp computer science bibliography, https://dblp.org}
}

@inproceedings{DBLP:conf/isca/ChenES16,
  author    = {Yu{-}Hsin Chen and
               Joel S. Emer and
               Vivienne Sze},
  title     = {Eyeriss: {A} Spatial Architecture for Energy-Efficient Dataflow for
               Convolutional Neural Networks},
  booktitle = {43rd {ACM/IEEE} Annual International Symposium on Computer Architecture,
               {ISCA} 2016, Seoul, South Korea, June 18-22, 2016},
  pages     = {367--379},
  publisher = {{IEEE} Computer Society},
  year      = {2016},
  url       = {https://doi.org/10.1109/ISCA.2016.40},
  doi       = {10.1109/ISCA.2016.40},
  timestamp = {Tue, 23 May 2017 01:12:16 +0200},
  biburl    = {https://dblp.org/rec/bib/conf/isca/ChenES16},
  bibsource = {dblp computer science bibliography, https://dblp.org}
}

@inproceedings{DBLP:conf/isca/ParasharRMPVKEK17,
  author    = {Angshuman Parashar and
               Minsoo Rhu and
               Anurag Mukkara and
               Antonio Puglielli and
               Rangharajan Venkatesan and
               Brucek Khailany and
               Joel S. Emer and
               Stephen W. Keckler and
               William J. Dally},
  title     = {{SCNN:} An Accelerator for Compressed-sparse Convolutional Neural
               Networks},
  booktitle = {Proceedings of the 44th Annual International Symposium on Computer
               Architecture, {ISCA} 2017, Toronto, ON, Canada, June 24-28, 2017},
  pages     = {27--40},
  publisher = {{ACM}},
  year      = {2017},
  url       = {http://doi.acm.org/10.1145/3079856.3080254},
  doi       = {10.1145/3079856.3080254},
  timestamp = {Tue, 31 Jul 2018 12:20:29 +0200},
  biburl    = {https://dblp.org/rec/bib/conf/isca/ParasharRMPVKEK17},
  bibsource = {dblp computer science bibliography, https://dblp.org}
}

@inproceedings{DBLP:conf/hpca/LuYLGH017,
  author    = {Wenyan Lu and
               Guihai Yan and
               Jiajun Li and
               Shijun Gong and
               Yinhe Han and
               Xiaowei Li},
  title     = {FlexFlow: {A} Flexible Dataflow Accelerator Architecture for Convolutional
               Neural Networks},
  booktitle = {2017 {IEEE} International Symposium on High Performance Computer Architecture,
               {HPCA} 2017, Austin, TX, USA, February 4-8, 2017},
  pages     = {553--564},
  publisher = {{IEEE} Computer Society},
  year      = {2017},
  url       = {https://doi.org/10.1109/HPCA.2017.29},
  doi       = {10.1109/HPCA.2017.29},
  timestamp = {Mon, 18 Sep 2017 09:07:07 +0200},
  biburl    = {https://dblp.org/rec/bib/conf/hpca/LuYLGH017},
  bibsource = {dblp computer science bibliography, https://dblp.org}
}

@inproceedings{DBLP:conf/fpga/MaCVS17,
  author    = {Yufei Ma and
               Yu Cao and
               Sarma B. K. Vrudhula and
               Jae{-}sun Seo},
  editor    = {Jonathan W. Greene and
               Jason Helge Anderson},
  title     = {Optimizing Loop Operation and Dataflow in {FPGA} Acceleration of Deep
               Convolutional Neural Networks},
  booktitle = {Proceedings of the 2017 {ACM/SIGDA} International Symposium on Field-Programmable
               Gate Arrays, {FPGA} 2017, Monterey, CA, USA, February 22-24, 2017},
  pages     = {45--54},
  publisher = {{ACM}},
  year      = {2017},
  url       = {http://dl.acm.org/citation.cfm?id=3021736},
  timestamp = {Mon, 27 Aug 2018 01:43:39 +0200},
  biburl    = {https://dblp.org/rec/bib/conf/fpga/MaCVS17},
  bibsource = {dblp computer science bibliography, https://dblp.org}
}
