# Benchmark
@inproceedings{DBLP:conf/isca/PapamarcosP84,
  author    = {Mark S. Papamarcos and
               Janak H. Patel},
  editor    = {Dharma P. Agrawal},
  title     = {A Low-Overhead Coherence Solution for Multiprocessors with Private
               Cache Memories},
  booktitle = {Proceedings of the 11th Annual Symposium on Computer Architecture,
               Ann Arbor, USA, June 1984},
  pages     = {348--354},
  publisher = {{ACM}},
  year      = {1984},
  url       = {https://doi.org/10.1145/800015.808204},
  doi       = {10.1145/800015.808204},
  timestamp = {Wed, 14 Nov 2018 10:57:02 +0100},
  biburl    = {https://dblp.org/rec/bib/conf/isca/PapamarcosP84},
  bibsource = {dblp computer science bibliography, https://dblp.org}
}

@inproceedings{DBLP:conf/kdd/LeskovecKF05,
  author    = {Jure Leskovec and
               Jon M. Kleinberg and
               Christos Faloutsos},
  editor    = {Robert Grossman and
               Roberto J. Bayardo and
               Kristin P. Bennett},
  title     = {Graphs over time: densification laws, shrinking diameters and possible
               explanations},
  booktitle = {Proceedings of the Eleventh {ACM} {SIGKDD} International Conference
               on Knowledge Discovery and Data Mining, Chicago, Illinois, USA, August
               21-24, 2005},
  pages     = {177--187},
  publisher = {{ACM}},
  year      = {2005},
  url       = {https://doi.org/10.1145/1081870.1081893},
  doi       = {10.1145/1081870.1081893},
  timestamp = {Tue, 06 Nov 2018 16:59:36 +0100},
  biburl    = {https://dblp.org/rec/bib/conf/kdd/LeskovecKF05},
  bibsource = {dblp computer science bibliography, https://dblp.org}
}

@article{DBLP:journals/jmlr/LeskovecCKFG10,
  author    = {Jure Leskovec and
               Deepayan Chakrabarti and
               Jon M. Kleinberg and
               Christos Faloutsos and
               Zoubin Ghahramani},
  title     = {Kronecker Graphs: An Approach to Modeling Networks},
  journal   = {Journal of Machine Learning Research},
  volume    = {11},
  pages     = {985--1042},
  year      = {2010},
  url       = {https://dl.acm.org/citation.cfm?id=1756039},
  timestamp = {Wed, 05 Dec 2018 15:20:24 +0100},
  biburl    = {https://dblp.org/rec/bib/journals/jmlr/LeskovecCKFG10},
  bibsource = {dblp computer science bibliography, https://dblp.org}
}

@inproceedings{DBLP:conf/sosp/DavidGT13,
  author    = {Tudor David and
               Rachid Guerraoui and
               Vasileios Trigonakis},
  editor    = {Michael Kaminsky and
               Mike Dahlin},
  title     = {Everything you always wanted to know about synchronization but were
               afraid to ask},
  booktitle = {{ACM} {SIGOPS} 24th Symposium on Operating Systems Principles, {SOSP}
               '13, Farmington, PA, USA, November 3-6, 2013},
  pages     = {33--48},
  publisher = {{ACM}},
  year      = {2013},
  url       = {https://doi.org/10.1145/2517349.2522714},
  doi       = {10.1145/2517349.2522714},
  timestamp = {Tue, 06 Nov 2018 16:59:32 +0100},
  biburl    = {https://dblp.org/rec/bib/conf/sosp/DavidGT13},
  bibsource = {dblp computer science bibliography, https://dblp.org}
}

@inproceedings{DBLP:conf/ppopp/Gramoli15,
  author    = {Vincent Gramoli},
  editor    = {Albert Cohen and
               David Grove},
  title     = {More than you ever wanted to know about synchronization: synchrobench,
               measuring the impact of the synchronization on concurrent algorithms},
  booktitle = {Proceedings of the 20th {ACM} {SIGPLAN} Symposium on Principles and
               Practice of Parallel Programming, PPoPP 2015, San Francisco, CA, USA,
               February 7-11, 2015},
  pages     = {1--10},
  publisher = {{ACM}},
  year      = {2015},
  url       = {https://doi.org/10.1145/2688500.2688501},
  doi       = {10.1145/2688500.2688501},
  timestamp = {Tue, 06 Nov 2018 16:57:28 +0100},
  biburl    = {https://dblp.org/rec/bib/conf/ppopp/Gramoli15},
  bibsource = {dblp computer science bibliography, https://dblp.org}
}

@inproceedings{DBLP:conf/IEEEpact/SchweizerBH15,
  author    = {Hermann Schweizer and
               Maciej Besta and
               Torsten Hoefler},
  title     = {Evaluating the Cost of Atomic Operations on Modern Architectures},
  booktitle = {2015 International Conference on Parallel Architectures and Compilation,
               {PACT} 2015, San Francisco, CA, USA, October 18-21, 2015},
  pages     = {445--456},
  publisher = {{IEEE} Computer Society},
  year      = {2015},
  url       = {https://doi.org/10.1109/PACT.2015.24},
  doi       = {10.1109/PACT.2015.24},
  timestamp = {Mon, 15 Apr 2019 16:17:20 +0200},
  biburl    = {https://dblp.org/rec/bib/conf/IEEEpact/SchweizerBH15},
  bibsource = {dblp computer science bibliography, https://dblp.org}
}

@inproceedings{DBLP:conf/iiswc/BeamerAP15,
  author    = {Scott Beamer and
               Krste Asanovic and
               David A. Patterson},
  title     = {Locality Exists in Graph Processing: Workload Characterization on
               an Ivy Bridge Server},
  booktitle = {2015 {IEEE} International Symposium on Workload Characterization,
               {IISWC} 2015, Atlanta, GA, USA, October 4-6, 2015},
  pages     = {56--65},
  publisher = {{IEEE} Computer Society},
  year      = {2015},
  url       = {https://doi.org/10.1109/IISWC.2015.12},
  doi       = {10.1109/IISWC.2015.12},
  timestamp = {Fri, 26 May 2017 00:48:23 +0200},
  biburl    = {https://dblp.org/rec/bib/conf/iiswc/BeamerAP15},
  bibsource = {dblp computer science bibliography, https://dblp.org}
}

@inproceedings{DBLP:conf/sc/NaiXTKL15,
  author    = {Lifeng Nai and
               Yinglong Xia and
               Ilie Gabriel Tanase and
               Hyesoon Kim and
               Ching{-}Yung Lin},
  editor    = {Jackie Kern and
               Jeffrey S. Vetter},
  title     = {GraphBIG: understanding graph computing in the context of industrial
               solutions},
  booktitle = {Proceedings of the International Conference for High Performance Computing,
               Networking, Storage and Analysis, {SC} 2015, Austin, TX, USA, November
               15-20, 2015},
  pages     = {69:1--69:12},
  publisher = {{ACM}},
  year      = {2015},
  url       = {https://doi.org/10.1145/2807591.2807626},
  doi       = {10.1145/2807591.2807626},
  timestamp = {Tue, 06 Nov 2018 16:59:29 +0100},
  biburl    = {https://dblp.org/rec/bib/conf/sc/NaiXTKL15},
  bibsource = {dblp computer science bibliography, https://dblp.org}
}

@inproceedings{DBLP:conf/usenix/MalicevicLZ17,
  author    = {Jasmina Malicevic and
               Baptiste Lepers and
               Willy Zwaenepoel},
  editor    = {Dilma Da Silva and
               Bryan Ford},
  title     = {Everything you always wanted to know about multicore graph processing
               but were afraid to ask},
  booktitle = {2017 {USENIX} Annual Technical Conference, {USENIX} {ATC} 2017, Santa
               Clara, CA, USA, July 12-14, 2017.},
  pages     = {631--643},
  publisher = {{USENIX} Association},
  year      = {2017},
  url       = {https://www.usenix.org/conference/atc17/technical-sessions/presentation/malicevic},
  timestamp = {Mon, 16 Jul 2018 15:47:23 +0200},
  biburl    = {https://dblp.org/rec/bib/conf/usenix/MalicevicLZ17},
  bibsource = {dblp computer science bibliography, https://dblp.org}
}

@inproceedings{DBLP:conf/hpdc/BestaPGSH17,
  author    = {Maciej Besta and
               Michal Podstawski and
               Linus Groner and
               Edgar Solomonik and
               Torsten Hoefler},
  editor    = {H. Howie Huang and
               Jon B. Weissman and
               Adriana Iamnitchi and
               Alexandru Iosup},
  title     = {To Push or To Pull: On Reducing Communication and Synchronization
               in Graph Computations},
  booktitle = {Proceedings of the 26th International Symposium on High-Performance
               Parallel and Distributed Computing, {HPDC} 2017, Washington, DC, USA,
               June 26-30, 2017},
  pages     = {93--104},
  publisher = {{ACM}},
  year      = {2017},
  url       = {https://doi.org/10.1145/3078597.3078616},
  doi       = {10.1145/3078597.3078616},
  timestamp = {Tue, 06 Nov 2018 11:07:21 +0100},
  biburl    = {https://dblp.org/rec/bib/conf/hpdc/BestaPGSH17},
  bibsource = {dblp computer science bibliography, https://dblp.org}
}

# Surveys
@article{DBLP:journals/csur/McCuneWM15,
  author    = {Robert Ryan McCune and
               Tim Weninger and
               Greg Madey},
  title     = {Thinking Like a Vertex: {A} Survey of Vertex-Centric Frameworks for
               Large-Scale Distributed Graph Processing},
  journal   = {{ACM} Comput. Surv.},
  volume    = {48},
  number    = {2},
  pages     = {25:1--25:39},
  year      = {2015},
  url       = {https://doi.org/10.1145/2818185},
  doi       = {10.1145/2818185},
  timestamp = {Tue, 06 Nov 2018 12:50:50 +0100},
  biburl    = {https://dblp.org/rec/bib/journals/csur/McCuneWM15},
  bibsource = {dblp computer science bibliography, https://dblp.org}
}

@article{DBLP:journals/csur/HeidariSCB18,
  author    = {Safiollah Heidari and
               Yogesh Simmhan and
               Rodrigo N. Calheiros and
               Rajkumar Buyya},
  title     = {Scalable Graph Processing Frameworks: {A} Taxonomy and Open Challenges},
  journal   = {{ACM} Comput. Surv.},
  volume    = {51},
  number    = {3},
  pages     = {60:1--60:53},
  year      = {2018},
  url       = {https://doi.org/10.1145/3199523},
  doi       = {10.1145/3199523},
  timestamp = {Wed, 21 Nov 2018 12:44:28 +0100},
  biburl    = {https://dblp.org/rec/bib/journals/csur/HeidariSCB18},
  bibsource = {dblp computer science bibliography, https://dblp.org}
}

@article{DBLP:journals/corr/abs-1903-06697,
  author    = {Maciej Besta and
               Dimitri Stanojevic and
               Johannes de Fine Licht and
               Tal Ben{-}Nun and
               Torsten Hoefler},
  title     = {Graph Processing on FPGAs: Taxonomy, Survey, Challenges},
  journal   = {CoRR},
  volume    = {abs/1903.06697},
  year      = {2019},
  url       = {http://arxiv.org/abs/1903.06697},
  archivePrefix = {arXiv},
  eprint    = {1903.06697},
  timestamp = {Mon, 01 Apr 2019 14:07:37 +0200},
  biburl    = {https://dblp.org/rec/bib/journals/corr/abs-1903-06697},
  bibsource = {dblp computer science bibliography, https://dblp.org}
}

## Graph Kernel - Algorithms and Representation
@inproceedings{DBLP:conf/spaa/LeisersonS10,
  author    = {Charles E. Leiserson and
               Tao B. Schardl},
  editor    = {Friedhelm Meyer auf der Heide and
               Cynthia A. Phillips},
  title     = {A work-efficient parallel breadth-first search algorithm (or how to
               cope with the nondeterminism of reducers)},
  booktitle = {{SPAA} 2010: Proceedings of the 22nd Annual {ACM} Symposium on Parallelism
               in Algorithms and Architectures, Thira, Santorini, Greece, June 13-15,
               2010},
  pages     = {303--314},
  publisher = {{ACM}},
  year      = {2010},
  url       = {https://doi.org/10.1145/1810479.1810534},
  doi       = {10.1145/1810479.1810534},
  timestamp = {Wed, 21 Nov 2018 11:15:55 +0100},
  biburl    = {https://dblp.org/rec/bib/conf/spaa/LeisersonS10},
  bibsource = {dblp computer science bibliography, https://dblp.org}
}

@inproceedings{DBLP:conf/sc/BeamerAP12,
  author    = {Scott Beamer and
               Krste Asanovic and
               David A. Patterson},
  editor    = {Jeffrey K. Hollingsworth},
  title     = {Direction-optimizing breadth-first search},
  booktitle = {{SC} Conference on High Performance Computing Networking, Storage
               and Analysis, {SC} '12, Salt Lake City, UT, {USA} - November 11 -
               15, 2012},
  pages     = {12},
  publisher = {{IEEE/ACM}},
  year      = {2012},
  url       = {https://doi.org/10.1109/SC.2012.50},
  doi       = {10.1109/SC.2012.50},
  timestamp = {Tue, 23 May 2017 01:07:28 +0200},
  biburl    = {https://dblp.org/rec/bib/conf/sc/BeamerAP12},
  bibsource = {dblp computer science bibliography, https://dblp.org}
}

@inproceedings{DBLP:conf/ipps/BestaMSH17,
  author    = {Maciej Besta and
               Florian Marending and
               Edgar Solomonik and
               Torsten Hoefler},
  title     = {SlimSell: {A} Vectorizable Graph Representation for Breadth-First
               Search},
  booktitle = {2017 {IEEE} International Parallel and Distributed Processing Symposium,
               {IPDPS} 2017, Orlando, FL, USA, May 29 - June 2, 2017},
  pages     = {32--41},
  publisher = {{IEEE} Computer Society},
  year      = {2017},
  url       = {https://doi.org/10.1109/IPDPS.2017.93},
  doi       = {10.1109/IPDPS.2017.93},
  timestamp = {Tue, 12 Feb 2019 15:51:34 +0100},
  biburl    = {https://dblp.org/rec/bib/conf/ipps/BestaMSH17},
  bibsource = {dblp computer science bibliography, https://dblp.org}
}

@inproceedings{DBLP:conf/IEEEpact/BestaSZSHH18,
  author    = {Maciej Besta and
               Dimitri Stanojevic and
               Tijana Zivic and
               Jagpreet Singh and
               Maurice Hoerold and
               Torsten Hoefler},
  editor    = {Skevos Evripidou and
               Per Stenstr{\"{o}}m and
               Michael F. P. O'Boyle},
  title     = {Log(graph): a near-optimal high-performance graph representation},
  booktitle = {Proceedings of the 27th International Conference on Parallel Architectures
               and Compilation Techniques, {PACT} 2018, Limassol, Cyprus, November
               01-04, 2018},
  pages     = {7:1--7:13},
  publisher = {{ACM}},
  year      = {2018},
  url       = {https://doi.org/10.1145/3243176.3243198},
  doi       = {10.1145/3243176.3243198},
  timestamp = {Wed, 21 Nov 2018 12:44:10 +0100},
  biburl    = {https://dblp.org/rec/bib/conf/IEEEpact/BestaSZSHH18},
  bibsource = {dblp computer science bibliography, https://dblp.org}
}

## Partition
@inproceedings{DBLP:conf/icpp/KarypisK95,
  author    = {George Karypis and
               Vipin Kumar},
  editor    = {Kyle A. Gallivan},
  title     = {Multilevel Graph Partitioning Schemes},
  booktitle = {Proceedings of the 1995 International Conference on Parallel Processing,
               Urbana-Champain, Illinois, USA, August 14-18, 1995. Volume {III:}
               Algorithms {\&} Applications.},
  pages     = {113--122},
  publisher = {{CRC} Press},
  year      = {1995},
  timestamp = {Tue, 09 Jan 2018 18:17:31 +0100},
  biburl    = {https://dblp.org/rec/bib/conf/icpp/KarypisK95},
  bibsource = {dblp computer science bibliography, https://dblp.org}
}

@inproceedings{DBLP:conf/spaa/AndreevR04,
  author    = {Konstantin Andreev and
               Harald R{\"{a}}cke},
  editor    = {Phillip B. Gibbons and
               Micah Adler},
  title     = {Balanced graph partitioning},
  booktitle = {{SPAA} 2004: Proceedings of the Sixteenth Annual {ACM} Symposium on
               Parallelism in Algorithms and Architectures, June 27-30, 2004, Barcelona,
               Spain},
  pages     = {120--124},
  publisher = {{ACM}},
  year      = {2004},
  url       = {https://doi.org/10.1145/1007912.1007931},
  doi       = {10.1145/1007912.1007931},
  timestamp = {Wed, 21 Nov 2018 11:11:51 +0100},
  biburl    = {https://dblp.org/rec/bib/conf/spaa/AndreevR04},
  bibsource = {dblp computer science bibliography, https://dblp.org}
}

@inproceedings{DBLP:conf/ssdbm/SalihogluW13,
  author    = {Semih Salihoglu and
               Jennifer Widom},
  editor    = {Alex Szalay and
               Tamas Budavari and
               Magdalena Balazinska and
               Alexandra Meliou and
               Ahmet Sacan},
  title     = {{GPS:} a graph processing system},
  booktitle = {Conference on Scientific and Statistical Database Management, {SSDBM}
               '13, Baltimore, MD, USA, July 29 - 31, 2013},
  pages     = {22:1--22:12},
  publisher = {{ACM}},
  year      = {2013},
  url       = {https://doi.org/10.1145/2484838.2484843},
  doi       = {10.1145/2484838.2484843},
  timestamp = {Tue, 06 Nov 2018 16:57:31 +0100},
  biburl    = {https://dblp.org/rec/bib/conf/ssdbm/SalihogluW13},
  bibsource = {dblp computer science bibliography, https://dblp.org}
}

@inproceedings{DBLP:conf/icde/MartellaLLS17,
  author    = {Claudio Martella and
               Dionysios Logothetis and
               Andreas Loukas and
               Georgos Siganos},
  title     = {Spinner: Scalable Graph Partitioning in the Cloud},
  booktitle = {33rd {IEEE} International Conference on Data Engineering, {ICDE} 2017,
               San Diego, CA, USA, April 19-22, 2017},
  pages     = {1083--1094},
  publisher = {{IEEE} Computer Society},
  year      = {2017},
  url       = {https://doi.org/10.1109/ICDE.2017.153},
  doi       = {10.1109/ICDE.2017.153},
  timestamp = {Tue, 29 May 2018 16:11:42 +0200},
  biburl    = {https://dblp.org/rec/bib/conf/icde/MartellaLLS17},
  bibsource = {dblp computer science bibliography, https://dblp.org}
}

# CPU - Single Machine
@inproceedings{DBLP:conf/osdi/KyrolaBG12,
  author    = {Aapo Kyrola and
               Guy E. Blelloch and
               Carlos Guestrin},
  editor    = {Chandu Thekkath and
               Amin Vahdat},
  title     = {GraphChi: Large-Scale Graph Computation on Just a {PC}},
  booktitle = {10th {USENIX} Symposium on Operating Systems Design and Implementation,
               {OSDI} 2012, Hollywood, CA, USA, October 8-10, 2012},
  pages     = {31--46},
  publisher = {{USENIX} Association},
  year      = {2012},
  url       = {https://www.usenix.org/conference/osdi12/technical-sessions/presentation/kyrola},
  timestamp = {Wed, 04 Jul 2018 13:06:35 +0200},
  biburl    = {https://dblp.org/rec/bib/conf/osdi/KyrolaBG12},
  bibsource = {dblp computer science bibliography, https://dblp.org}
}

@inproceedings{DBLP:conf/sosp/RoyMZ13,
  author    = {Amitabha Roy and
               Ivo Mihailovic and
               Willy Zwaenepoel},
  editor    = {Michael Kaminsky and
               Mike Dahlin},
  title     = {X-Stream: edge-centric graph processing using streaming partitions},
  booktitle = {{ACM} {SIGOPS} 24th Symposium on Operating Systems Principles, {SOSP}
               '13, Farmington, PA, USA, November 3-6, 2013},
  pages     = {472--488},
  publisher = {{ACM}},
  year      = {2013},
  url       = {https://doi.org/10.1145/2517349.2522740},
  doi       = {10.1145/2517349.2522740},
  timestamp = {Tue, 06 Nov 2018 16:59:32 +0100},
  biburl    = {https://dblp.org/rec/bib/conf/sosp/RoyMZ13},
  bibsource = {dblp computer science bibliography, https://dblp.org}
}

@inproceedings{DBLP:conf/ppopp/ShunB13,
  author    = {Julian Shun and
               Guy E. Blelloch},
  editor    = {Alex Nicolau and
               Xiaowei Shen and
               Saman P. Amarasinghe and
               Richard W. Vuduc},
  title     = {Ligra: a lightweight graph processing framework for shared memory},
  booktitle = {{ACM} {SIGPLAN} Symposium on Principles and Practice of Parallel Programming,
               PPoPP '13, Shenzhen, China, February 23-27, 2013},
  pages     = {135--146},
  publisher = {{ACM}},
  year      = {2013},
  url       = {https://doi.org/10.1145/2442516.2442530},
  doi       = {10.1145/2442516.2442530},
  timestamp = {Tue, 06 Nov 2018 16:57:28 +0100},
  biburl    = {https://dblp.org/rec/bib/conf/ppopp/ShunB13},
  bibsource = {dblp computer science bibliography, https://dblp.org}
}

# galois
@inproceedings{DBLP:conf/sosp/NguyenLP13,
  author    = {Donald Nguyen and
               Andrew Lenharth and
               Keshav Pingali},
  editor    = {Michael Kaminsky and
               Mike Dahlin},
  title     = {A lightweight infrastructure for graph analytics},
  booktitle = {{ACM} {SIGOPS} 24th Symposium on Operating Systems Principles, {SOSP}
               '13, Farmington, PA, USA, November 3-6, 2013},
  pages     = {456--471},
  publisher = {{ACM}},
  year      = {2013},
  url       = {https://doi.org/10.1145/2517349.2522739},
  doi       = {10.1145/2517349.2522739},
  timestamp = {Tue, 06 Nov 2018 16:59:32 +0100},
  biburl    = {https://dblp.org/rec/bib/conf/sosp/NguyenLP13},
  bibsource = {dblp computer science bibliography, https://dblp.org}
}

@inproceedings{DBLP:conf/kdd/HanLPL0KY13,
  author    = {Wook{-}Shin Han and
               Sangyeon Lee and
               Kyungyeol Park and
               Jeong{-}Hoon Lee and
               Min{-}Soo Kim and
               Jinha Kim and
               Hwanjo Yu},
  editor    = {Inderjit S. Dhillon and
               Yehuda Koren and
               Rayid Ghani and
               Ted E. Senator and
               Paul Bradley and
               Rajesh Parekh and
               Jingrui He and
               Robert L. Grossman and
               Ramasamy Uthurusamy},
  title     = {TurboGraph: a fast parallel graph engine handling billion-scale graphs
               in a single {PC}},
  booktitle = {The 19th {ACM} {SIGKDD} International Conference on Knowledge Discovery
               and Data Mining, {KDD} 2013, Chicago, IL, USA, August 11-14, 2013},
  pages     = {77--85},
  publisher = {{ACM}},
  year      = {2013},
  url       = {https://doi.org/10.1145/2487575.2487581},
  doi       = {10.1145/2487575.2487581},
  timestamp = {Tue, 06 Nov 2018 16:59:35 +0100},
  biburl    = {https://dblp.org/rec/bib/conf/kdd/HanLPL0KY13},
  bibsource = {dblp computer science bibliography, https://dblp.org}
}

@inproceedings{DBLP:conf/cidr/WangXDG13,
  author    = {Guozhang Wang and
               Wenlei Xie and
               Alan J. Demers and
               Johannes Gehrke},
  title     = {Asynchronous Large-Scale Graph Processing Made Easy},
  booktitle = {{CIDR} 2013, Sixth Biennial Conference on Innovative Data Systems
               Research, Asilomar, CA, USA, January 6-9, 2013, Online Proceedings},
  publisher = {www.cidrdb.org},
  year      = {2013},
  url       = {http://cidrdb.org/cidr2013/Papers/CIDR13\_Paper58.pdf},
  timestamp = {Thu, 29 Jun 2017 19:21:39 +0200},
  biburl    = {https://dblp.org/rec/bib/conf/cidr/WangXDG13},
  bibsource = {dblp computer science bibliography, https://dblp.org}
}

@inproceedings{DBLP:conf/sc/YuanZXJLL14,
  author    = {Pingpeng Yuan and
               Wenya Zhang and
               Changfeng Xie and
               Hai Jin and
               Ling Liu and
               Kisung Lee},
  editor    = {Trish Damkroger and
               Jack J. Dongarra},
  title     = {Fast Iterative Graph Computation: {A} Path Centric Approach},
  booktitle = {International Conference for High Performance Computing, Networking,
               Storage and Analysis, {SC} 2014, New Orleans, LA, USA, November 16-21,
               2014},
  pages     = {401--412},
  publisher = {{IEEE} Computer Society},
  year      = {2014},
  url       = {https://doi.org/10.1109/SC.2014.38},
  doi       = {10.1109/SC.2014.38},
  timestamp = {Thu, 24 May 2018 11:14:43 +0200},
  biburl    = {https://dblp.org/rec/bib/conf/sc/YuanZXJLL14},
  bibsource = {dblp computer science bibliography, https://dblp.org}
}

@inproceedings{DBLP:conf/fast/ZhengMBVPS15,
  author    = {Da Zheng and
               Disa Mhembere and
               Randal C. Burns and
               Joshua T. Vogelstein and
               Carey E. Priebe and
               Alexander S. Szalay},
  editor    = {Jiri Schindler and
               Erez Zadok},
  title     = {FlashGraph: Processing Billion-Node Graphs on an Array of Commodity
               SSDs},
  booktitle = {Proceedings of the 13th {USENIX} Conference on File and Storage Technologies,
               {FAST} 2015, Santa Clara, CA, USA, February 16-19, 2015},
  pages     = {45--58},
  publisher = {{USENIX} Association},
  year      = {2015},
  url       = {https://www.usenix.org/conference/fast15/technical-sessions/presentation/zheng},
  timestamp = {Wed, 04 Jul 2018 13:06:35 +0200},
  biburl    = {https://dblp.org/rec/bib/conf/fast/ZhengMBVPS15},
  bibsource = {dblp computer science bibliography, https://dblp.org}
}

@inproceedings{DBLP:conf/usenix/ZhuHC15,
  author    = {Xiaowei Zhu and
               Wentao Han and
               Wenguang Chen},
  editor    = {Shan Lu and
               Erik Riedel},
  title     = {GridGraph: Large-Scale Graph Processing on a Single Machine Using
               2-Level Hierarchical Partitioning},
  booktitle = {2015 {USENIX} Annual Technical Conference, {USENIX} {ATC} '15, July
               8-10, Santa Clara, CA, {USA}},
  pages     = {375--386},
  publisher = {{USENIX} Association},
  year      = {2015},
  url       = {https://www.usenix.org/conference/atc15/technical-session/presentation/zhu},
  timestamp = {Tue, 07 Jul 2015 09:25:47 +0200},
  biburl    = {https://dblp.org/rec/bib/conf/usenix/ZhuHC15},
  bibsource = {dblp computer science bibliography, https://dblp.org}
}

@inproceedings{DBLP:conf/eurosys/MaassMKKKK17,
  author    = {Steffen Maass and
               Changwoo Min and
               Sanidhya Kashyap and
               Woon{-}Hak Kang and
               Mohan Kumar and
               Taesoo Kim},
  editor    = {Gustavo Alonso and
               Ricardo Bianchini and
               Marko Vukolic},
  title     = {Mosaic: Processing a Trillion-Edge Graph on a Single Machine},
  booktitle = {Proceedings of the Twelfth European Conference on Computer Systems,
               EuroSys 2017, Belgrade, Serbia, April 23-26, 2017},
  pages     = {527--543},
  publisher = {{ACM}},
  year      = {2017},
  url       = {https://doi.org/10.1145/3064176.3064191},
  doi       = {10.1145/3064176.3064191},
  timestamp = {Tue, 06 Nov 2018 16:58:31 +0100},
  biburl    = {https://dblp.org/rec/bib/conf/eurosys/MaassMKKKK17},
  bibsource = {dblp computer science bibliography, https://dblp.org}
}

# CPU - Distributed
@inproceedings{DBLP:conf/osdi/DeanG04,
  author    = {Jeffrey Dean and
               Sanjay Ghemawat},
  editor    = {Eric A. Brewer and
               Peter Chen},
  title     = {MapReduce: Simplified Data Processing on Large Clusters},
  booktitle = {6th Symposium on Operating System Design and Implementation {(OSDI}
               2004), San Francisco, California, USA, December 6-8, 2004},
  pages     = {137--150},
  publisher = {{USENIX} Association},
  year      = {2004},
  url       = {http://www.usenix.org/events/osdi04/tech/dean.html},
  timestamp = {Wed, 04 Jul 2018 13:06:35 +0200},
  biburl    = {https://dblp.org/rec/bib/conf/osdi/DeanG04},
  bibsource = {dblp computer science bibliography, https://dblp.org}
}

@inproceedings{DBLP:conf/sigmod/MalewiczABDHLC10,
  author    = {Grzegorz Malewicz and
               Matthew H. Austern and
               Aart J. C. Bik and
               James C. Dehnert and
               Ilan Horn and
               Naty Leiser and
               Grzegorz Czajkowski},
  editor    = {Ahmed K. Elmagarmid and
               Divyakant Agrawal},
  title     = {Pregel: a system for large-scale graph processing},
  booktitle = {Proceedings of the {ACM} {SIGMOD} International Conference on Management
               of Data, {SIGMOD} 2010, Indianapolis, Indiana, USA, June 6-10, 2010},
  pages     = {135--146},
  publisher = {{ACM}},
  year      = {2010},
  url       = {https://doi.org/10.1145/1807167.1807184},
  doi       = {10.1145/1807167.1807184},
  timestamp = {Wed, 14 Nov 2018 10:56:20 +0100},
  biburl    = {https://dblp.org/rec/bib/conf/sigmod/MalewiczABDHLC10},
  bibsource = {dblp computer science bibliography, https://dblp.org}
}

@article{DBLP:journals/pvldb/LowGKBGH12,
  author    = {Yucheng Low and
               Joseph Gonzalez and
               Aapo Kyrola and
               Danny Bickson and
               Carlos Guestrin and
               Joseph M. Hellerstein},
  title     = {Distributed GraphLab: {A} Framework for Machine Learning in the Cloud},
  journal   = {{PVLDB}},
  volume    = {5},
  number    = {8},
  pages     = {716--727},
  year      = {2012},
  url       = {http://vldb.org/pvldb/vol5/p716\_yuchenglow\_vldb2012.pdf},
  doi       = {10.14778/2212351.2212354},
  timestamp = {Thu, 16 Aug 2018 11:33:43 +0200},
  biburl    = {https://dblp.org/rec/bib/journals/pvldb/LowGKBGH12},
  bibsource = {dblp computer science bibliography, https://dblp.org}
}

@inproceedings{DBLP:conf/osdi/GonzalezLGBG12,
  author    = {Joseph E. Gonzalez and
               Yucheng Low and
               Haijie Gu and
               Danny Bickson and
               Carlos Guestrin},
  editor    = {Chandu Thekkath and
               Amin Vahdat},
  title     = {PowerGraph: Distributed Graph-Parallel Computation on Natural Graphs},
  booktitle = {10th {USENIX} Symposium on Operating Systems Design and Implementation,
               {OSDI} 2012, Hollywood, CA, USA, October 8-10, 2012},
  pages     = {17--30},
  publisher = {{USENIX} Association},
  year      = {2012},
  url       = {https://www.usenix.org/conference/osdi12/technical-sessions/presentation/gonzalez},
  timestamp = {Wed, 04 Jul 2018 13:06:35 +0200},
  biburl    = {https://dblp.org/rec/bib/conf/osdi/GonzalezLGBG12},
  bibsource = {dblp computer science bibliography, https://dblp.org}
}

@inproceedings{DBLP:conf/sigmod/ShaoWL13,
  author    = {Bin Shao and
               Haixun Wang and
               Yatao Li},
  editor    = {Kenneth A. Ross and
               Divesh Srivastava and
               Dimitris Papadias},
  title     = {Trinity: a distributed graph engine on a memory cloud},
  booktitle = {Proceedings of the {ACM} {SIGMOD} International Conference on Management
               of Data, {SIGMOD} 2013, New York, NY, USA, June 22-27, 2013},
  pages     = {505--516},
  publisher = {{ACM}},
  year      = {2013},
  url       = {https://doi.org/10.1145/2463676.2467799},
  doi       = {10.1145/2463676.2467799},
  timestamp = {Tue, 06 Nov 2018 11:07:38 +0100},
  biburl    = {https://dblp.org/rec/bib/conf/sigmod/ShaoWL13},
  bibsource = {dblp computer science bibliography, https://dblp.org}
}

@article{DBLP:journals/pvldb/BuBJCC14,
  author    = {Yingyi Bu and
               Vinayak R. Borkar and
               Jianfeng Jia and
               Michael J. Carey and
               Tyson Condie},
  title     = {Pregelix: Big(ger) Graph Analytics on a Dataflow Engine},
  journal   = {{PVLDB}},
  volume    = {8},
  number    = {2},
  pages     = {161--172},
  year      = {2014},
  url       = {http://www.vldb.org/pvldb/vol8/p161-bu.pdf},
  doi       = {10.14778/2735471.2735477},
  timestamp = {Thu, 16 Aug 2018 11:33:44 +0200},
  biburl    = {https://dblp.org/rec/bib/journals/pvldb/BuBJCC14},
  bibsource = {dblp computer science bibliography, https://dblp.org}
}

@inproceedings{DBLP:conf/eurosys/ChenSCC15,
  author    = {Rong Chen and
               Jiaxin Shi and
               Yanzhe Chen and
               Haibo Chen},
  editor    = {Laurent R{\'{e}}veill{\`{e}}re and
               Tim Harris and
               Maurice Herlihy},
  title     = {PowerLyra: differentiated graph computation and partitioning on skewed
               graphs},
  booktitle = {Proceedings of the Tenth European Conference on Computer Systems,
               EuroSys 2015, Bordeaux, France, April 21-24, 2015},
  pages     = {1:1--1:15},
  publisher = {{ACM}},
  year      = {2015},
  url       = {https://doi.org/10.1145/2741948.2741970},
  doi       = {10.1145/2741948.2741970},
  timestamp = {Tue, 06 Nov 2018 16:58:31 +0100},
  biburl    = {https://dblp.org/rec/bib/conf/eurosys/ChenSCC15},
  bibsource = {dblp computer science bibliography, https://dblp.org}
}

@inproceedings{DBLP:conf/ppopp/XieCGZC15,
  author    = {Chenning Xie and
               Rong Chen and
               Haibing Guan and
               Binyu Zang and
               Haibo Chen},
  editor    = {Albert Cohen and
               David Grove},
  title     = {{SYNC} or {ASYNC:} time to fuse for distributed graph-parallel computation},
  booktitle = {Proceedings of the 20th {ACM} {SIGPLAN} Symposium on Principles and
               Practice of Parallel Programming, PPoPP 2015, San Francisco, CA, USA,
               February 7-11, 2015},
  pages     = {194--204},
  publisher = {{ACM}},
  year      = {2015},
  url       = {https://doi.org/10.1145/2688500.2688508},
  doi       = {10.1145/2688500.2688508},
  timestamp = {Tue, 06 Nov 2018 16:57:28 +0100},
  biburl    = {https://dblp.org/rec/bib/conf/ppopp/XieCGZC15},
  bibsource = {dblp computer science bibliography, https://dblp.org}
}

@inproceedings{DBLP:conf/ppopp/ZhangCC15,
  author    = {Kaiyuan Zhang and
               Rong Chen and
               Haibo Chen},
  editor    = {Albert Cohen and
               David Grove},
  title     = {NUMA-aware graph-structured analytics},
  booktitle = {Proceedings of the 20th {ACM} {SIGPLAN} Symposium on Principles and
               Practice of Parallel Programming, PPoPP 2015, San Francisco, CA, USA,
               February 7-11, 2015},
  pages     = {183--193},
  publisher = {{ACM}},
  year      = {2015},
  url       = {https://doi.org/10.1145/2688500.2688507},
  doi       = {10.1145/2688500.2688507},
  timestamp = {Tue, 06 Nov 2018 16:57:28 +0100},
  biburl    = {https://dblp.org/rec/bib/conf/ppopp/ZhangCC15},
  bibsource = {dblp computer science bibliography, https://dblp.org}
}

@inproceedings{DBLP:conf/osdi/ZhuCZM16,
  author    = {Xiaowei Zhu and
               Wenguang Chen and
               Weimin Zheng and
               Xiaosong Ma},
  editor    = {Kimberly Keeton and
               Timothy Roscoe},
  title     = {Gemini: {A} Computation-Centric Distributed Graph Processing System},
  booktitle = {12th {USENIX} Symposium on Operating Systems Design and Implementation,
               {OSDI} 2016, Savannah, GA, USA, November 2-4, 2016.},
  pages     = {301--316},
  publisher = {{USENIX} Association},
  year      = {2016},
  url       = {https://www.usenix.org/conference/osdi16/technical-sessions/presentation/zhu},
  timestamp = {Tue, 29 Jan 2019 17:35:36 +0100},
  biburl    = {https://dblp.org/rec/bib/conf/osdi/ZhuCZM16},
  bibsource = {dblp computer science bibliography, https://dblp.org}
}

# GPU
@inproceedings{DBLP:conf/sc/LiuH15,
  author    = {Hang Liu and
               H. Howie Huang},
  editor    = {Jackie Kern and
               Jeffrey S. Vetter},
  title     = {Enterprise: breadth-first graph traversal on GPUs},
  booktitle = {Proceedings of the International Conference for High Performance Computing,
               Networking, Storage and Analysis, {SC} 2015, Austin, TX, USA, November
               15-20, 2015},
  pages     = {68:1--68:12},
  publisher = {{ACM}},
  year      = {2015},
  url       = {https://doi.org/10.1145/2807591.2807594},
  doi       = {10.1145/2807591.2807594},
  timestamp = {Tue, 06 Nov 2018 16:59:29 +0100},
  biburl    = {https://dblp.org/rec/bib/conf/sc/LiuH15},
  bibsource = {dblp computer science bibliography, https://dblp.org}
}

# FPGA
@inproceedings{DBLP:conf/isca/Putnam14,
  author    = {Andrew Putnam and
               Adrian M. Caulfield and
               Eric S. Chung and
               Derek Chiou and
               Kypros Constantinides and
               John Demme and
               Hadi Esmaeilzadeh and
               Jeremy Fowers and
               Gopi Prashanth Gopal and
               Jan Gray and
               Michael Haselman and
               Scott Hauck and
               Stephen Heil and
               Amir Hormati and
               Joo{-}Young Kim and
               Sitaram Lanka and
               James R. Larus and
               Eric Peterson and
               Simon Pope and
               Aaron Smith and
               Jason Thong and
               Phillip Yi Xiao and
               Doug Burger},
  title     = {A reconfigurable fabric for accelerating large-scale datacenter services},
  booktitle = {{ACM/IEEE} 41st International Symposium on Computer Architecture,
               {ISCA} 2014, Minneapolis, MN, USA, June 14-18, 2014},
  pages     = {13--24},
  publisher = {{IEEE} Computer Society},
  year      = {2014},
  url       = {https://doi.org/10.1109/ISCA.2014.6853195},
  doi       = {10.1109/ISCA.2014.6853195},
  timestamp = {Wed, 14 Mar 2018 14:09:58 +0100},
  biburl    = {https://dblp.org/rec/bib/conf/isca/PutnamCCCCDEFGGHHHHKLLPPSTXB14},
  bibsource = {dblp computer science bibliography, https://dblp.org}
}

@inproceedings{DBLP:conf/fccm/DeLorimierKMRERUKD06,
  author    = {Michael DeLorimier and
               Nachiket Kapre and
               Nikil Mehta and
               Dominic Rizzo and
               Ian Eslick and
               Raphael Rubin and
               Tom{\'{a}}s E. Uribe and
               Thomas F. Knight Jr. and
               Andr{\'{e}} DeHon},
  title     = {GraphStep: {A} System Architecture for Sparse-Graph Algorithms},
  booktitle = {14th {IEEE} Symposium on Field-Programmable Custom Computing Machines
               {(FCCM} 2006), 24-26 April 2006, Napa, CA, USA, Proceedings},
  pages     = {143--151},
  publisher = {{IEEE} Computer Society},
  year      = {2006},
  url       = {https://doi.org/10.1109/FCCM.2006.45},
  doi       = {10.1109/FCCM.2006.45},
  timestamp = {Fri, 02 Jun 2017 20:50:11 +0200},
  biburl    = {https://dblp.org/rec/bib/conf/fccm/DeLorimierKMRERUKD06},
  bibsource = {dblp computer science bibliography, https://dblp.org}
}

@inproceedings{DBLP:conf/fccm/NurvitadhiWWHNH14,
  author    = {Eriko Nurvitadhi and
               Gabriel Weisz and
               Yu Wang and
               Skand Hurkat and
               Marie Nguyen and
               James C. Hoe and
               Jos{\'{e}} F. Mart{\'{\i}}nez and
               Carlos Guestrin},
  title     = {GraphGen: An {FPGA} Framework for Vertex-Centric Graph Computation},
  booktitle = {22nd {IEEE} Annual International Symposium on Field-Programmable Custom
               Computing Machines, {FCCM} 2014, Boston, MA, USA, May 11-13, 2014},
  pages     = {25--28},
  publisher = {{IEEE} Computer Society},
  year      = {2014},
  url       = {https://doi.org/10.1109/FCCM.2014.15},
  doi       = {10.1109/FCCM.2014.15},
  timestamp = {Sun, 21 May 2017 00:20:23 +0200},
  biburl    = {https://dblp.org/rec/bib/conf/fccm/NurvitadhiWWHNH14},
  bibsource = {dblp computer science bibliography, https://dblp.org}
}

@inproceedings{DBLP:conf/fpga/OguntebiO16,
  author    = {Tayo Oguntebi and
               Kunle Olukotun},
  editor    = {Deming Chen and
               Jonathan W. Greene},
  title     = {GraphOps: {A} Dataflow Library for Graph Analytics Acceleration},
  booktitle = {Proceedings of the 2016 {ACM/SIGDA} International Symposium on Field-Programmable
               Gate Arrays, Monterey, CA, USA, February 21-23, 2016},
  pages     = {111--117},
  publisher = {{ACM}},
  year      = {2016},
  url       = {https://doi.org/10.1145/2847263.2847337},
  doi       = {10.1145/2847263.2847337},
  timestamp = {Tue, 06 Nov 2018 16:58:23 +0100},
  biburl    = {https://dblp.org/rec/bib/conf/fpga/OguntebiO16},
  bibsource = {dblp computer science bibliography, https://dblp.org}
}

@inproceedings{DBLP:conf/fpl/EngelhardtS16,
  author    = {Nina Engelhardt and
               Hayden Kwok{-}Hay So},
  editor    = {Paolo Ienne and
               Walid A. Najjar and
               Jason Anderson and
               Philip Brisk and
               Walter Stechele},
  title     = {GraVF: {A} vertex-centric distributed graph processing framework on
               FPGAs},
  booktitle = {26th International Conference on Field Programmable Logic and Applications,
               {FPL} 2016, Lausanne, Switzerland, August 29 - September 2, 2016},
  pages     = {1--4},
  publisher = {{IEEE}},
  year      = {2016},
  url       = {https://doi.org/10.1109/FPL.2016.7577360},
  doi       = {10.1109/FPL.2016.7577360},
  timestamp = {Sun, 21 May 2017 00:20:38 +0200},
  biburl    = {https://dblp.org/rec/bib/conf/fpl/EngelhardtS16},
  bibsource = {dblp computer science bibliography, https://dblp.org}
}

@inproceedings{DBLP:conf/fpga/DaiCWY16,
  author    = {Guohao Dai and
               Yuze Chi and
               Yu Wang and
               Huazhong Yang},
  editor    = {Deming Chen and
               Jonathan W. Greene},
  title     = {{FPGP:} Graph Processing Framework on {FPGA} {A} Case Study of Breadth-First
               Search},
  booktitle = {Proceedings of the 2016 {ACM/SIGDA} International Symposium on Field-Programmable
               Gate Arrays, Monterey, CA, USA, February 21-23, 2016},
  pages     = {105--110},
  publisher = {{ACM}},
  year      = {2016},
  url       = {https://doi.org/10.1145/2847263.2847339},
  doi       = {10.1145/2847263.2847339},
  timestamp = {Tue, 06 Nov 2018 16:58:23 +0100},
  biburl    = {https://dblp.org/rec/bib/conf/fpga/DaiCWY16},
  bibsource = {dblp computer science bibliography, https://dblp.org}
}

@article{DBLP:journals/pvldb/LeeKYCHNNJ17,
  author    = {Jinho Lee and
               Heesu Kim and
               Sungjoo Yoo and
               Kiyoung Choi and
               Peter Hofstee and
               Gi{-}Joon Nam and
               Mark Nutter and
               Damir A. Jamsek},
  title     = {ExtraV: Boosting Graph Processing Near Storage with a Coherent Accelerator},
  journal   = {{PVLDB}},
  volume    = {10},
  number    = {12},
  pages     = {1706--1717},
  year      = {2017},
  url       = {http://www.vldb.org/pvldb/vol10/p1706-lee.pdf},
  doi       = {10.14778/3137765.3137776},
  timestamp = {Tue, 16 Oct 2018 15:34:44 +0200},
  biburl    = {https://dblp.org/rec/bib/journals/pvldb/LeeKYCHNNJ17},
  bibsource = {dblp computer science bibliography, https://dblp.org}
}

@inproceedings{DBLP:conf/fpga/MaZC17,
  author    = {Xiaoyu Ma and
               Dan Zhang and
               Derek Chiou},
  editor    = {Jonathan W. Greene and
               Jason Helge Anderson},
  title     = {FPGA-Accelerated Transactional Execution of Graph Workloads},
  booktitle = {Proceedings of the 2017 {ACM/SIGDA} International Symposium on Field-Programmable
               Gate Arrays, {FPGA} 2017, Monterey, CA, USA, February 22-24, 2017},
  pages     = {227--236},
  publisher = {{ACM}},
  year      = {2017},
  url       = {http://dl.acm.org/citation.cfm?id=3021743},
  timestamp = {Tue, 06 Nov 2018 16:58:22 +0100},
  biburl    = {https://dblp.org/rec/bib/conf/fpga/MaZC17},
  bibsource = {dblp computer science bibliography, https://dblp.org}
}

@inproceedings{DBLP:conf/icdcs/JinYLZL17,
  author    = {Hai Jin and
               Pengcheng Yao and
               Xiaofei Liao and
               Long Zheng and
               Xianliang Li},
  editor    = {Kisung Lee and
               Ling Liu},
  title     = {Towards Dataflow-Based Graph Accelerator},
  booktitle = {37th {IEEE} International Conference on Distributed Computing Systems,
               {ICDCS} 2017, Atlanta, GA, USA, June 5-8, 2017},
  pages     = {1981--1992},
  publisher = {{IEEE} Computer Society},
  year      = {2017},
  url       = {https://doi.org/10.1109/ICDCS.2017.150},
  doi       = {10.1109/ICDCS.2017.150},
  timestamp = {Wed, 23 May 2018 13:22:05 +0200},
  biburl    = {https://dblp.org/rec/bib/conf/icdcs/JinYLZL17},
  bibsource = {dblp computer science bibliography, https://dblp.org}
}

@inproceedings{DBLP:conf/IEEEpact/Yao0L0H18,
  author    = {Pengcheng Yao and
               Long Zheng and
               Xiaofei Liao and
               Hai Jin and
               Bingsheng He},
  editor    = {Skevos Evripidou and
               Per Stenstr{\"{o}}m and
               Michael F. P. O'Boyle},
  title     = {An efficient graph accelerator with parallel data conflict management},
  booktitle = {Proceedings of the 27th International Conference on Parallel Architectures
               and Compilation Techniques, {PACT} 2018, Limassol, Cyprus, November
               01-04, 2018},
  pages     = {8:1--8:12},
  publisher = {{ACM}},
  year      = {2018},
  url       = {https://doi.org/10.1145/3243176.3243201},
  doi       = {10.1145/3243176.3243201},
  timestamp = {Wed, 21 Nov 2018 12:44:10 +0100},
  biburl    = {https://dblp.org/rec/bib/conf/IEEEpact/Yao0L0H18},
  bibsource = {dblp computer science bibliography, https://dblp.org}
}

@inproceedings{DBLP:conf/fpga/DaiHCXWY17,
  author    = {Guohao Dai and
               Tianhao Huang and
               Yuze Chi and
               Ningyi Xu and
               Yu Wang and
               Huazhong Yang},
  editor    = {Jonathan W. Greene and
               Jason Helge Anderson},
  title     = {ForeGraph: Exploring Large-scale Graph Processing on Multi-FPGA Architecture},
  booktitle = {Proceedings of the 2017 {ACM/SIGDA} International Symposium on Field-Programmable
               Gate Arrays, {FPGA} 2017, Monterey, CA, USA, February 22-24, 2017},
  pages     = {217--226},
  publisher = {{ACM}},
  year      = {2017},
  url       = {http://dl.acm.org/citation.cfm?id=3021739},
  timestamp = {Tue, 06 Nov 2018 16:58:22 +0100},
  biburl    = {https://dblp.org/rec/bib/conf/fpga/DaiHCXWY17},
  bibsource = {dblp computer science bibliography, https://dblp.org}
}

@inproceedings{DBLP:conf/fpga/ShaoLHL019,
  author    = {Zhiyuan Shao and
               Ruoshi Li and
               Diqing Hu and
               Xiaofei Liao and
               Hai Jin},
  editor    = {Kia Bazargan and
               Stephen Neuendorffer},
  title     = {Improving Performance of Graph Processing on {FPGA-DRAM} Platform
               by Two-level Vertex Caching},
  booktitle = {Proceedings of the 2019 {ACM/SIGDA} International Symposium on Field-Programmable
               Gate Arrays, {FPGA} 2019, Seaside, CA, USA, February 24-26, 2019},
  pages     = {320--329},
  publisher = {{ACM}},
  year      = {2019},
  url       = {https://doi.org/10.1145/3289602.3293900},
  doi       = {10.1145/3289602.3293900},
  timestamp = {Tue, 05 Mar 2019 07:04:43 +0100},
  biburl    = {https://dblp.org/rec/bib/conf/fpga/ShaoLHL019},
  bibsource = {dblp computer science bibliography, https://dblp.org}
}

## FPGA - BFS Specific
@inproceedings{DBLP:conf/asap/BetkaouiWTL12,
  author    = {Brahim Betkaoui and
               Yu Wang and
               David B. Thomas and
               Wayne Luk},
  title     = {A Reconfigurable Computing Approach for Efficient and Scalable Parallel
               Graph Exploration},
  booktitle = {23rd {IEEE} International Conference on Application-Specific Systems,
               Architectures and Processors, {ASAP} 2012, Delft, The Netherlands,
               July 9-11, 2012},
  pages     = {8--15},
  publisher = {{IEEE} Computer Society},
  year      = {2012},
  url       = {https://doi.org/10.1109/ASAP.2012.30},
  doi       = {10.1109/ASAP.2012.30},
  timestamp = {Thu, 01 Jun 2017 18:58:34 +0200},
  biburl    = {https://dblp.org/rec/bib/conf/asap/BetkaouiWTL12},
  bibsource = {dblp computer science bibliography, https://dblp.org}
}

@inproceedings{DBLP:conf/ipps/AttiaJTJZ14,
  author    = {Osama G. Attia and
               Tyler Johnson and
               Kevin Townsend and
               Phillip H. Jones and
               Joseph Zambreno},
  title     = {CyGraph: {A} Reconfigurable Architecture for Parallel Breadth-First
               Search},
  booktitle = {2014 {IEEE} International Parallel {\&} Distributed Processing
               Symposium Workshops, Phoenix, AZ, USA, May 19-23, 2014},
  pages     = {228--235},
  publisher = {{IEEE} Computer Society},
  year      = {2014},
  url       = {https://doi.org/10.1109/IPDPSW.2014.30},
  doi       = {10.1109/IPDPSW.2014.30},
  timestamp = {Wed, 24 May 2017 08:28:19 +0200},
  biburl    = {https://dblp.org/rec/bib/conf/ipps/AttiaJTJZ14},
  bibsource = {dblp computer science bibliography, https://dblp.org}
}

@inproceedings{DBLP:conf/fpl/UmurogluMJ15,
  author    = {Yaman Umuroglu and
               Donn Morrison and
               Magnus Jahre},
  title     = {Hybrid breadth-first search on a single-chip {FPGA-CPU} heterogeneous
               platform},
  booktitle = {25th International Conference on Field Programmable Logic and Applications,
               {FPL} 2015, London, United Kingdom, September 2-4, 2015},
  pages     = {1--8},
  publisher = {{IEEE}},
  year      = {2015},
  url       = {https://doi.org/10.1109/FPL.2015.7293939},
  doi       = {10.1109/FPL.2015.7293939},
  timestamp = {Sat, 16 Sep 2017 12:10:53 +0200},
  biburl    = {https://dblp.org/rec/bib/conf/fpl/UmurogluMJ15},
  bibsource = {dblp computer science bibliography, https://dblp.org}
}

@inproceedings{DBLP:conf/fccm/ZhouCP16,
  author    = {Shijie Zhou and
               Charalampos Chelmis and
               Viktor K. Prasanna},
  title     = {High-Throughput and Energy-Efficient Graph Processing on {FPGA}},
  booktitle = {24th {IEEE} Annual International Symposium on Field-Programmable Custom
               Computing Machines, {FCCM} 2016, Washington, DC, USA, May 1-3, 2016},
  pages     = {103--110},
  publisher = {{IEEE} Computer Society},
  year      = {2016},
  url       = {https://doi.org/10.1109/FCCM.2016.35},
  doi       = {10.1109/FCCM.2016.35},
  timestamp = {Sun, 21 May 2017 00:20:22 +0200},
  biburl    = {https://dblp.org/rec/bib/conf/fccm/ZhouCP16},
  bibsource = {dblp computer science bibliography, https://dblp.org}
}

@inproceedings{DBLP:conf/sbac-pad/ZhouP17,
  author    = {Shijie Zhou and
               Viktor K. Prasanna},
  title     = {Accelerating Graph Analytics on {CPU-FPGA} Heterogeneous Platform},
  booktitle = {29th International Symposium on Computer Architecture and High Performance
               Computing, {SBAC-PAD} 2017, Campinas, Brazil, October 17-20, 2017},
  pages     = {137--144},
  publisher = {{IEEE} Computer Society},
  year      = {2017},
  url       = {https://doi.org/10.1109/SBAC-PAD.2017.25},
  doi       = {10.1109/SBAC-PAD.2017.25},
  timestamp = {Fri, 01 Dec 2017 22:44:09 +0100},
  biburl    = {https://dblp.org/rec/bib/conf/sbac-pad/ZhouP17},
  bibsource = {dblp computer science bibliography, https://dblp.org}
}

@inproceedings{DBLP:conf/fpga/ZhangKL17,
  author    = {Jialiang Zhang and
               Soroosh Khoram and
               Jing Li},
  editor    = {Jonathan W. Greene and
               Jason Helge Anderson},
  title     = {Boosting the Performance of FPGA-based Graph Processor using Hybrid
               Memory Cube: {A} Case for Breadth First Search},
  booktitle = {Proceedings of the 2017 {ACM/SIGDA} International Symposium on Field-Programmable
               Gate Arrays, {FPGA} 2017, Monterey, CA, USA, February 22-24, 2017},
  pages     = {207--216},
  publisher = {{ACM}},
  year      = {2017},
  url       = {http://dl.acm.org/citation.cfm?id=3021737},
  timestamp = {Tue, 06 Nov 2018 16:58:22 +0100},
  biburl    = {https://dblp.org/rec/bib/conf/fpga/ZhangKL17},
  bibsource = {dblp computer science bibliography, https://dblp.org}
}

@inproceedings{DBLP:conf/fpga/ZhangL18,
  author    = {Jialiang Zhang and
               Jing Li},
  editor    = {Jason Helge Anderson and
               Kia Bazargan},
  title     = {Degree-aware Hybrid Graph Traversal on {FPGA-HMC} Platform},
  booktitle = {Proceedings of the 2018 {ACM/SIGDA} International Symposium on Field-Programmable
               Gate Arrays, {FPGA} 2018, Monterey, CA, USA, February 25-27, 2018},
  pages     = {229--238},
  publisher = {{ACM}},
  year      = {2018},
  url       = {https://doi.org/10.1145/3174243.3174245},
  doi       = {10.1145/3174243.3174245},
  timestamp = {Tue, 06 Nov 2018 16:58:22 +0100},
  biburl    = {https://dblp.org/rec/bib/conf/fpga/ZhangL18},
  bibsource = {dblp computer science bibliography, https://dblp.org}
}

@inproceedings{DBLP:conf/fpga/KhoramZSL18,
  author    = {Soroosh Khoram and
               Jialiang Zhang and
               Maxwell Strange and
               Jing Li},
  editor    = {Jason Helge Anderson and
               Kia Bazargan},
  title     = {Accelerating Graph Analytics by Co-Optimizing Storage and Access on
               an {FPGA-HMC} Platform},
  booktitle = {Proceedings of the 2018 {ACM/SIGDA} International Symposium on Field-Programmable
               Gate Arrays, {FPGA} 2018, Monterey, CA, USA, February 25-27, 2018},
  pages     = {239--248},
  publisher = {{ACM}},
  year      = {2018},
  url       = {https://doi.org/10.1145/3174243.3174260},
  doi       = {10.1145/3174243.3174260},
  timestamp = {Tue, 06 Nov 2018 16:58:23 +0100},
  biburl    = {https://dblp.org/rec/bib/conf/fpga/KhoramZSL18},
  bibsource = {dblp computer science bibliography, https://dblp.org}
}

# ASIC
@inproceedings{DBLP:conf/isca/AhnHYMC15,
  author    = {Junwhan Ahn and
               Sungpack Hong and
               Sungjoo Yoo and
               Onur Mutlu and
               Kiyoung Choi},
  editor    = {Deborah T. Marr and
               David H. Albonesi},
  title     = {A scalable processing-in-memory accelerator for parallel graph processing},
  booktitle = {Proceedings of the 42nd Annual International Symposium on Computer
               Architecture, Portland, OR, USA, June 13-17, 2015},
  pages     = {105--117},
  publisher = {{ACM}},
  year      = {2015},
  url       = {https://doi.org/10.1145/2749469.2750386},
  doi       = {10.1145/2749469.2750386},
  timestamp = {Tue, 06 Nov 2018 11:07:01 +0100},
  biburl    = {https://dblp.org/rec/bib/conf/isca/AhnHYMC15},
  bibsource = {dblp computer science bibliography, https://dblp.org}
}

@inproceedings{DBLP:conf/isca/OzdalYKAGBO16,
  author    = {Muhammet Mustafa Ozdal and
               Serif Yesil and
               Taemin Kim and
               Andrey Ayupov and
               John Greth and
               Steven M. Burns and
               {\"{O}}zcan {\"{O}}zturk},
  title     = {Energy Efficient Architecture for Graph Analytics Accelerators},
  booktitle = {43rd {ACM/IEEE} Annual International Symposium on Computer Architecture,
               {ISCA} 2016, Seoul, South Korea, June 18-22, 2016},
  pages     = {166--177},
  publisher = {{IEEE} Computer Society},
  year      = {2016},
  url       = {https://doi.org/10.1109/ISCA.2016.24},
  doi       = {10.1109/ISCA.2016.24},
  timestamp = {Thu, 31 Aug 2017 19:54:22 +0200},
  biburl    = {https://dblp.org/rec/bib/conf/isca/OzdalYKAGBO16},
  bibsource = {dblp computer science bibliography, https://dblp.org}
}

@inproceedings{DBLP:conf/micro/HamWSSM16,
  author    = {Tae Jun Ham and
               Lisa Wu and
               Narayanan Sundaram and
               Nadathur Satish and
               Margaret Martonosi},
  title     = {Graphicionado: {A} high-performance and energy-efficient accelerator
               for graph analytics},
  booktitle = {49th Annual {IEEE/ACM} International Symposium on Microarchitecture,
               {MICRO} 2016, Taipei, Taiwan, October 15-19, 2016},
  pages     = {56:1--56:13},
  publisher = {{IEEE} Computer Society},
  year      = {2016},
  url       = {https://doi.org/10.1109/MICRO.2016.7783759},
  doi       = {10.1109/MICRO.2016.7783759},
  timestamp = {Sat, 10 Mar 2018 15:19:35 +0100},
  biburl    = {https://dblp.org/rec/bib/conf/micro/HamWSSM16},
  bibsource = {dblp computer science bibliography, https://dblp.org}
}

@inproceedings{DBLP:conf/hpca/NaiHSKKK17,
  author    = {Lifeng Nai and
               Ramyad Hadidi and
               Jaewoong Sim and
               Hyojong Kim and
               Pranith Kumar and
               Hyesoon Kim},
  title     = {GraphPIM: Enabling Instruction-Level {PIM} Offloading in Graph Computing
               Frameworks},
  booktitle = {2017 {IEEE} International Symposium on High Performance Computer Architecture,
               {HPCA} 2017, Austin, TX, USA, February 4-8, 2017},
  pages     = {457--468},
  publisher = {{IEEE} Computer Society},
  year      = {2017},
  url       = {https://doi.org/10.1109/HPCA.2017.54},
  doi       = {10.1109/HPCA.2017.54},
  timestamp = {Mon, 18 Sep 2017 09:07:07 +0200},
  biburl    = {https://dblp.org/rec/bib/conf/hpca/NaiHSKKK17},
  bibsource = {dblp computer science bibliography, https://dblp.org}
}

@inproceedings{DBLP:conf/hpca/SongZQLC18,
  author    = {Linghao Song and
               Youwei Zhuo and
               Xuehai Qian and
               Hai Helen Li and
               Yiran Chen},
  title     = {GraphR: Accelerating Graph Processing Using ReRAM},
  booktitle = {{IEEE} International Symposium on High Performance Computer Architecture,
               {HPCA} 2018, Vienna, Austria, February 24-28, 2018},
  pages     = {531--543},
  publisher = {{IEEE} Computer Society},
  year      = {2018},
  url       = {https://doi.org/10.1109/HPCA.2018.00052},
  doi       = {10.1109/HPCA.2018.00052},
  timestamp = {Fri, 30 Nov 2018 13:32:17 +0100},
  biburl    = {https://dblp.org/rec/bib/conf/hpca/SongZQLC18},
  bibsource = {dblp computer science bibliography, https://dblp.org}
}

@inproceedings{DBLP:conf/hpca/ZhangZWGWCKQ18,
  author    = {Mingxing Zhang and
               Youwei Zhuo and
               Chao Wang and
               Mingyu Gao and
               Yongwei Wu and
               Kang Chen and
               Christos Kozyrakis and
               Xuehai Qian},
  title     = {GraphP: Reducing Communication for PIM-Based Graph Processing with
               Efficient Data Partition},
  booktitle = {{IEEE} International Symposium on High Performance Computer Architecture,
               {HPCA} 2018, Vienna, Austria, February 24-28, 2018},
  pages     = {544--557},
  publisher = {{IEEE} Computer Society},
  year      = {2018},
  url       = {https://doi.org/10.1109/HPCA.2018.00053},
  doi       = {10.1109/HPCA.2018.00053},
  timestamp = {Tue, 10 Apr 2018 14:46:11 +0200},
  biburl    = {https://dblp.org/rec/bib/conf/hpca/ZhangZWGWCKQ18},
  bibsource = {dblp computer science bibliography, https://dblp.org}
}

# DRAM
@article{DBLP:journals/cal/KimYM16,
  author    = {Yoongu Kim and
               Weikun Yang and
               Onur Mutlu},
  title     = {Ramulator: {A} Fast and Extensible {DRAM} Simulator},
  journal   = {Computer Architecture Letters},
  volume    = {15},
  number    = {1},
  pages     = {45--49},
  year      = {2016},
  url       = {https://doi.org/10.1109/LCA.2015.2414456},
  doi       = {10.1109/LCA.2015.2414456},
  timestamp = {Sat, 27 May 2017 14:22:52 +0200},
  biburl    = {https://dblp.org/rec/bib/journals/cal/KimYM16},
  bibsource = {dblp computer science bibliography, https://dblp.org}
}
